@misc{DanskeB1,
   author = "YouGov {for Danske Bank}",
   title = "Financial Literacy - Dream on",
   year = "2011",
   howpublished = "DanskeBank.dk, \url{http://www.danskebank.dk/PDF/Finansiel-forstaaelse/FinancialLiteracy-DreamOn-15-17.pdf}",
   note = "[Online; tilgået 18-Februar-2013]"
 }
 
 @misc{DanskeB2,
   author = "{Danske Bank}",
   title = "Lommepengemodeller",
   year = "",
   howpublished = "DanskeBank.dk, \url{http://financialguidance.danskebank.dk/article/lommepengemodeller-2/}",
   note = "[Online; tilgået 18-Februar-2013]"
 }
 
 @misc{DanskeB3,
   author = "{Danske Bank}",
   title = "De 5 lommepengemodeller",
   year = "",
   howpublished = "DanskeBank.dk, \url{http://financialguidance.danskebank.dk/article/lommepenge-har-betydning-gennem-hele-livet/}",
   note = "[Online; tilgået 18-Februar-2013]"
 }
 
@misc{MindLab1,
   author = "MindLab",
   title = "Unges økonomiske forståelse",
   year = "",
   howpublished = "Mind-Lab.dk, \url{http://www.mind-lab.dk/cases/unges-oekonomiske-forstaaelse}",
   note = "[Online; tilgået 18-Februar-2013]"
 }
@misc{BusinessDK1,
   author = "{Berlinske Business}",
   title = "Unge har studiegæld for 22 milliarder",
   year = "2011",
   howpublished = "Business.dk, \url{http://www.business.dk/bank/unge-har-studiegaeld-for-22-milliarder/}",
   note = "[Online; tilgået 18-Februar-2013]"
}

@misc{BusinessDK2,
   author = "{Berlinske Business}",
   title = "Unge har rod i privatøkonomien",
   year = "2011",
   howpublished = "Business.dk, \url{http://www.business.dk/bank/{unge-har-rod-i-privatoekonomien}}",
   note = "[Online; tilgået 18-Februar-2013]"
 }


@misc{TaenkDK1,
   author = "{Tænk Forbrugerrådet}",
   title = "Privatøkonomi skal på skoleskemaet",
   year = "2012",
   howpublished = "Tænk.dk, \url{http://taenk.dk/nyheder/privatokonomi-skal-paa-skoleskemaet}",
   note = "[Online; tilgået 18-Februar-2013]"
 }

@misc{Nordea1,
   author = "Ann Lehmann Erichsen",
   title = "Det skal børn gøre for lommepenge",
   year = "2011",
   howpublished = "Nordea.dk, \url{http://newsroom.nordea.com/da/blogpost/det-skal-b%C3%B8rn-g%C3%B8re-for-lommepenge/}",
   note = "[Online; tilgået 18-Februar-2013]"
 }

@misc{FDB1,
   author = "Lars Aarup",
   title = "Hvert andet barn får lommepenge",
   year = "2011",
   howpublished = "FDB.dk, \url{http://fdb.dk/analyse/hvert-andet-barn-f%C3%A5r-lommepenge}",
   note = "[Online; tilgået 18-Februar-2013]"
 }

